@misc{wyorg,
 title = "The Whiley Programming Language, http://whiley.org"
}

% ---- A ----

% ---- B ----

@InProceedings{BCDJL06,
  author =	"Mike Barnett and Bor-Yuh Evan Chang and Robert DeLine
		 and Bart Jacobs and K. Rustan M. Leino",
  title =	"Boogie: {A} Modular Reusable Verifier for
		 Object-Oriented Programs",
  booktitle =	fmco,
  year = 	"2006",
  pages =	"364--387"
}

@InProceedings{BJ01,
  author =	"Joachim van den Berg and Bart Jacobs",
  title =	"The {LOOP} compiler for {Java} and {JML}",
  booktitle =	tacas,
  pages =	"299--312",
  year = 	"2001"
}

@TechReport{BMR11,
  author =	"Nikolaj Bj{\o}rner and Ken McMillan and Andrey Rybalchenko",
  title =	"Program Verification as Satisfiability Modulo Theories",
  institution =  "Microsoft Research",
  year = 	"2011"
}


@InProceedings{BRL03,
  author =	"L. Burdy and A. Requet and J.-L. Lanet",
  title =	"{J}ava Applet Correctness: a Developer-Oriented
		 Approach",
  booktitle =	"Proc. FME",
  year = 	"2003",
  series =	"LNCS",
  publisher =	"Springer-Verlag",
  pages =	"422--439",
  volume =	"2805",
}

@article{BM05,
  author = "Fabian Bannwart and Peter MÃ¼ller",
  title = "A Program Logic for Bytecode",
  journal = entcs,
  volume = "141",
  number = "1",
  pages = "255 - 273",
  year = "2005"
}

@TechReport{BK06,
  author =	"Viviana Bono and Manfred Kerber",
  title =	"Extending Hoare Calculus to Deal with Crash",
  institution =  "University of Birmingham, School of Computer Science",
  number =	"CSR-06-08",
  month =	sep,
  year = 	"2006"
}

@InProceedings{BK02,
  author =	"Viviana Bono and Manfred Kerber",
  title =	"Crash in Program and Logic",
  booktitle =	"Proc. Automated Verification of Critical Systems",
  year = 	"2002"
}

@InProceedings{BHP07,
  author =	"Lilian Burdy and Marieke Huisman and Mariela Pavlova",
  title =	"Preliminary Design of {BML}: {A} Behavioral Interface
		 Specification Language for {Java} bytecode",
  booktitle =	fase,
  pages =	"215--229",
  year = 	"2007"
}

@InProceedings{BKOSSB07,
  title =	"Deciding Bit-Vector Arithmetic with AbJC10straction",
  author =	"R. E. Bryant and D. Kroening and J.
		 Ouaknine and S. A. Seshia and O. Strichman and
		 B. A. Brady",
  booktitle =	tacas,
  publisher =	sv,
  year = 	"2007",
  volume =	"4424",
  pages =	"358--372",
  series =	lncs
}

@InProceedings{BL05,
  author =	"Mike Barnett and K. Rustan M. Leino",
  title =	"Weakest-precondition of unstructured programs",
  booktitle =	paste,
  year = 	"2005",
  pages =	"82--87",
  publisher =	acmp
}

@techreport{BLS04,
  title =	"The Spec\# Programming System: An Overview",
  author =	"Mike Barnett and K. Rustan and M. Leino and Wolfram
		 Schulte",
  institution =	 "Microsoft Research",
  year = 	"2004"
}

@InProceedings{BH07a,
  title =	"Structural Abstraction of Software Verification
		 Conditions",
  author =	"Domagoj Babic and Alan J. Hu",
  booktitle =	cav,
  publisher =	sv,
  year = 	"2007",
  volume =	"4590",
  pages =	"366--378",
  series =	lncs
}

@InProceedings{BH07b,
  author =	"Domagoj Babic and Alan J. Hu",
  title =	"Exploiting Shared Structure in Software Verification
		 Conditions",
  publisher =	"Springer",
  year = 	"2007",
  volume =	"4899",
  booktitle =	"Haifa Verification Conference",
  pages =	"169--184",
  series =	lncs
}

@inproceedings{BH08,
 author = {Domagoj Babic and Alan J. Hu},
 title = {Calysto: scalable and precise extended static checking},
 booktitle = icse,
 year = {2008},
 pages = {211--220},
 publisher = {ACM}
}

@Article{BDFLS04,
  author =	"Mike Barnett and Robert DeLine and Manuel
		 F{\"a}hndrich and K. Rustan M. Leino and Wolfram
		 Schulte",
  title =	"Verification of Object-Oriented Programs with
		 Invariants",
  journal =	jot,
  volume =	"3",
  number =	"6",
  year = 	"2004",
  pages =	"27--56"
}

% ---- C ----

@Article{CH79,
  title =	"The Clean Termination of {Pascal} Programs",
  author =	"D. Coleman and J. W. Hughes",
  journal =	"Acta Informatica",
  pages =	"195--210",
  year = 	"1979",
  volume =	"11",
}

@InProceedings{CFS09,
  title =	"Snugglebug: a powerful approach to weakest
		 preconditions",
  author =	"Satish Chandra and Stephen J. Fink and Manu
		 Sridharan",
  booktitle =	pldi,
  year = 	"2009",
  pages =	"363--374",
  publisher =	acmp
}

@Article{CP93,
  author =	"R. Chadha and D. A. Plaisted",
  title =	"On the Mechanical derivation of Loop Invariants",
  journal =	"Journal of Symbolic Computation",
  volume =	"15",
  number =	"5 \& 6",
  year = 	"1993",
  pages =	"705--744",
}

@InProceedings{CHS08,
  author =	"Jacek Chrzaszcz and Marieke Huisman and Aleksy
		 Schubert",
  title =	"{BML} and Related Tools",
  publisher =	sv,
  year = 	"2008",
  volume =	"5751",
  booktitle =	fmco,
  pages =	"278--297",
  series =	lncs
}

@InProceedings{CR08,
  title =	"{JML} Runtime Assertion Checking: Improved Error
		 Reporting and Efficiency Using Strong Validity",
  author =	"Patrice Chalin and Fr{\'e}d{\'e}ric Rioux",
  booktitle =	fm,
  publisher =	sv,
  year = 	"2008",
  volume =	"5014",
  pages =	"246--261",
  series =	lncs
}

@inproceedings{CFRWZ89,
  author =	 "Ron Cytron and Jeanne Ferrante and Barry K. Rosen
                  and Mark K. Wegman and F. Kenneth Zadeck",
  title =	 "An Efficient Method of Computing Static Single
                  Assignment Form",
  booktitle =	 popl,
  pages =	 "25--35",
  publisher =	 "ACM Press",
  year =	 "1989"
}

@article{CFRWZ91,
  author =	 "Ron Cytron and Jeanne Ferrante and Barry K. Rosen
                  and Mark N. Wegman and F. Kenneth Zadeck",
  title =	 "Efficiently Computing Static Single Assignment Form
                  and the Control Dependence Graph",
  journal =	 toplas,
  volume =	 "13",
  number =	 "4",
  pages =	 "451--490",
  year =	 "1991"
}

@inproceedings{CG93,
  author =	 "Ron Cytron and Reid Gershbein",
  title =	 "Efficient Accommodation of May-Alias Information in
                  {SSA} Form",
  booktitle =	 pldi,
  pages =	 "36--45",
  publisher =	 "ACM Press",
  year =	 "1993"
}


% ---- D ----

@Article{DNS05,
  author =	"Detlefs and Nelson and Saxe",
  title =	"Simplify: {A} Theorem Prover for Program Checking",
  journal =	jacm,
  volume =	"52",
  year = 	"2005",
}

@PhdThesis{Deutsch73,
  author =	"L. Peter Deutsch",
  year = 	"1973",
  title =	"An interactive program verifier",
  type = 	"Ph.D.",
  institution =  "University of California"
}

@Article{Dijkstra75,
  author =	"Edsger W. Dijkstra",
  title =	"Guarded Commands, Nondeterminancy and Formal
		 Derivation of Pro\-grams",
  journal =	cacm,
  year = 	"1975",
  volume =	"18",
  pages =	"453--457",
}

@Book{Dijkstra76,
  author =	"Edsger W. Dijkstra",
  title =	"A Discipline of Programming",
  publisher =	"Prentice-Hall",
  year = 	"1976",
}

@TechReport{DLNS98,
  author =	"David L. Detlefs and K. Rustan M. Leino and Greg
		 Nelson and James B. Saxe",
  title =	"Extended Static Checking",
  institution =  "Compaq Systems Research Center",
  year = 	"1998",
  type = 	"SRC Research Report",
  number =	"159"
}

@InProceedings{DF08,
  title =	"Explaining Verification Conditions",
  author =	"Ewen Denney and Bernd Fischer",
  booktitle =	"Proceedings of the Conference on Algebraic Methodology and Software Technology (AMAST)",
  publisher =	"Springer",
  year = 	"2008",
  volume =	"5140",
  pages =	"145--159",
  series =	lncs
}

% ---- E ----
% ---- F ----

@InProceedings{FN07,
  author =	"Jean-Christophe Filli{\^a}tre and Claude March{\'e}",
  title =	"The {Why/Krakatoa/Caduceus} Platform for Deductive
		 Program Verification",
  year = 	"2007",
  pages =	"173--177",
  booktitle =	cav,
  volume =	"4590",
  series =	lncs,
  publisher =	svn
}

@InProceedings{Fraer96,
  title =	"Tracing the Origins of Verification Conditions",
  author =	"Ranan Fraer",
  booktitle =	"Proc. AMAST",
  year = 	"1996",
  volume =	"1101",
  pages =	"241--255",
  series =	lncs,
  publisher =	sv
}



@InProceedings{Floyd67,
  author =	"R. W. Floyd",
  title =	"Assigning meaning to programs",
  booktitle =	"Proc. AMS",
  year = 	"1967",
  volume =	"19",
  pages =	"19--31",
  publisher =	"American Mathematical Society"
}

@Article{FM09,
  title =	"Inferring Loop Invariants using Postconditions",
  author =	"Carlo A. Furia and Bertrand Meyer",
  journal =	"CoRR",
  year = 	"2009",
  volume =	"abs/0909.0884"
}


@Article{Fuchs92,
  author =	"N. E. Fuchs",
  title =	"Specifications are (preferably) executable",
  journal =	"Software Engineering Journal",
  year = 	"1992",
  month =	sep,
  volume =	"7",
  number =	"5",
  pages =	"323--334",
  annote =	"41 references.",
}

@Article{FP11,
  author =	"Maria Jo{\~a}o Frade and Jorge Sousa Pinto",
  title =	"Verification conditions for source-level imperative
		 programs",
  journal =	csr,
  year = 	"2011",
  number =	"3",
  volume =	"5",
  pages =	"252--277"
}

@InProceedings{FS01,
  title =	"Avoiding exponential explosion: generating compact
		 verification conditions",
  author =	"Cormac Flanagan and James B. Saxe",
  booktitle =	popl,
  publisher =	acmp,
  year = 	"2001",
  pages =	"193--205"
}

@InProceedings{FLLNSS02,
  title =	"Extended Static Checking for {Java}",
  author =	"Cormac Flanagan and K. Rustan M. Leino and Mark
		 Lillibridge and Greg Nelson and James B. Saxe and
		 Raymie Stata",
  year = 	"2002",
  booktitle =	pldi,
  pages =	"234--245",
  publisher =   "ACM Press"
}

% ---- G ----

@Book{GJSB05,
  author =	"J. Gosling and B. Joy, G. Steele and Gilad Bracha",
  title =	"The Java Language Specification, 3rd Edition",
  publisher =	"Prentice Hall",
  year = 	"2005"
}

@Article{Gray87,
  author =	"D. Gray",
  title =	"A Pedagogical Verification Condition Generator",
  journal =	"The Computer Journal",
  volume =	"30",
  number =	"3",
  year = 	"1987",
  pages =	"239--248",
}

@article{Grigore12,
  author    = {Radu Grigore},
  title     = {The Design and Algorithms of a Verification Condition Generator},
  journal   = {CoRR},
  volume    = {abs/1204.6719},
  year      = {2012}
}

@incollection{MC10,
	author = "Mike Gordon and H{\'e}l{\`e}ne Collavizza",
	booktitle = "{Reflections on the Work of C.A.R. Hoare}",
	isbn = "978-1-84882-911-4",
	language = "English",
	pages = "101--121",
	publisher = sv,
	series = "{History of Computing}",
	title = "{Forward with Hoare}",
        year = 2010
}


@InProceedings{Good85,
 author = {D. I. Good},
 title = {Mechanical proofs about computer programs},
 booktitle = {Mathematical logic and programming languages},
 year = {1985},
 pages = {55--75}
}

@InProceedings{GCFK09,
  author =	"Radu Grigore and Julien Charles and Fintan Fairmichael and Joseph Kiniry",
  title =	"Strongest Postcondition of Unstructured Programs",
  year = 	"2009",
  booktitle =	ftfjp,
  pages = {6:1--6:7},
  publisher = acmp
}

% ---- H ----

@InProceedings{HJ00,
  author =	"Marieke Huisman and Bart Jacobs",
  title =	"Java Program Verification via a {Hoare} Logic with
		 Abrupt Termination",
  booktitle =	fase,
  pages =	"284--303",
  year = 	"2000"
}


@InProceedings{HB08,
  author =	"Richard Bubel and Reiner H{\"{a}}hnle",
  title =	"A Hoare-Style Calculus with Explicit State Updates",
  booktitle =	"Proc.\ Formal Methods in Computer Science Education
		 (FORMED)",
  pages =	"49--60",
  year = 	"2008",
  series =	entcs,
  publisher =	"Elsevier",
}

@Article{Hoare69,
  author =	"C.A.R. Hoare",
  title =	"An Axiomatic Basis for Computer Programming",
  journal =	cacm,
  volume =	"12",
  year = 	"1969",
}

@article{Hoare03,
  author =	 "C.A.R. Hoare",
  title =	 "The verifying compiler: A grand challenge for
                  computing research",
  journal =	 jacm,
  volume =	 "50",
  number =	 "1",
  year =	 "2003",
  pages =	 "63--69",
  publisher =	 "ACM Press"
}

% ---- I ----

@Article{ILL75,
  author =	"S. Igarashi and R. L. London and D. C. Luckham",
  title =	"Automatic program verification. {I}. {A} logical basis
		 and its implementation",
  journal =	"Acta Informatica",
  volume =	"4",
  pages =	"145--182",
  year = 	"1975"}

% ---- J ----

@Article{Jacobs04,
  author =	"B. Jacobs",
  title =	"Weakest pre-condition reasoning for {Java} programs
		 with {JML} annotations",
  journal =	jlap,
  volume =	"58",
  number =	"1--2",
  pages =	"61--88",
  year = 	"2004"
}

@InCollection{JP01,
  author =	"Bart Jacobs and Eric Poll",
  title =	"A Logic for the {Java} Modeling Language {JML}",
  booktitle =	fase,
  year = 	"2001",
  pages =	"284--299"
}


@techreport{JB10,
  author = "Ivan Jager and David Brumley",
  title = "Efficient Directionless Weakest Preconditions",
  institution = "Carnegie Mellon University",
  number = "CMU-CyLab-10-002",
  year = "2010"  
}

@InProceedings{JK86,
 author = {Jefferson, Stan and Kamin, Samuel N.},
 title = {Executable specifications with quantifiers in the FASE system},
 booktitle = popl,
 year = {1986},
 pages = {318--326},
 publisher = {ACM}
}

@Article{JC10,
  title =	"Faster and More Complete Extended Static Checking for
		 the Java Modeling Language",
  author =	"Perry R. James and Patrice Chalin",
  journal =	jar,
  year = 	"2010",
  number =	"1-2",
  volume =	"44",
  pages =	"145--174"
}

% ---- K ----

@PhdThesis{King69,
  title =	 "A Program Verifier",
  author =	 "S. King",
  school =	 "Carnegie-Mellon University",
  year =	 "1969"
}

% ---- L ----

@Article{LS79,
  author =	"David Luckham and Norihisa Suzuki",
  title =	"Verification of Array, Record, and Pointer Operations
		 in {Pascal}",
  journal =	toplas,
  year = 	"1979",
  volume =	"1",
  number =	"2",
  pages =	"226--244"
}


@Article{LG09,
  title =	"Coinductive big-step operational semantics",
  author =	"Xavier Leroy and Herv{\'e} Grall",
  journal =	"Information and Computation",
  year = 	"2009",
  number =	"2",
  volume =	"207",
  pages =	"284--304"
}

@Article{LMS05,
  title =	"Generating error traces from verification-condition
		 counterexamples",
  author =	"K. Rustan M. Leino and Todd D. Millstein and James B.
		 Saxe",
  journal =	scp,
  year = 	"2005",
  number =	"1-3",
  volume =	"55",
  pages =	"209--226"
}

@InProceedings{LL05,
  author =	"K. Rustan M. Leino and Francesco Logozzo",
  title =	"Loop Invariants on Demand",
  pages =	"119--134",
  booktitle =	aplas,
  series =	lncs,
  volume =	"3780",
  year = 	"2005",
  publisher =	sv
}

@Article{LCCRC05,
  author =	"Gary T. Leavens and Yoonsik Cheon and Curtis Clifton
		 and Clyde Ruby and David R. Cok",
  title =	"How the Design of {JML} Accommodates Both Runtime
		 Assertion Checking and Formal Verification",
  journal =	scp,
  year = 	"2005",
  month =	mar,
  volume =	"55",
  number =	"1-3",
  publisher =	"Elsevier",
  pages =	"185--208"
}

@techreport{LGHKMOPS95,
  type = 	"Technical Report",
  number =	"CS-TR-79-731",
  title =	"Stanford Pascal Verifier user manual",
  pages =	"124",
  year = 	"1979",
  bibdate =	"June 19, 1995",
  author =	"David C. Luckham and Steven M. German and Friedrich W.
		 von Henke and Richard A. Karp and P. W. Milne and Derek
		 C. Oppen and Wolfgang Polak and William L. Scherlis",
  institution =  "Stanford University, Department of Computer Science"
}

@Article{Leino05,
  author =	"K. Rustan M. Leino",
  title =	"Efficient Weakest Preconditions",
  journal =	ipl,
  volume =	"93",
  year = 	"2005"
}

@InProceedings{Leino10,
  author =	"K. Rustan M. Leino",
  title =	"{D}afny: An Automatic Program Verifier for Functional
		 Correctness",
  booktitle =	lpar,
  year = 	"2010",
  series =	lncs,
  publisher =	sv
}

@inproceedings{Leino12,
  author="K. Rustan M. Leino",
  title={Developing Verified Programs with Dafny},
  booktitle=vstte,
  volume={7152},
  series=lncs,
  publisher=sv,
  pages={82-82},
  year={2012}
}


% ---- M ----

@InProceedings{MS81,
  author =	"M. Moricani and R. L. Schwartz",
  title =	"Automatic Construction of Verification Condition
		 Generators from {Hoare} Logics",
  pages =	"363--377",
  booktitle =	icalp,
  year = 	"1981",
  series =	lncs,
  volume =	"115",
  publisher =	sv
}


@InProceedings{MFG07,
  title =	"Hoare Logic for {ARM} Machine Code",
  author =	"Magnus O. Myreen and Anthony C. J. Fox and Michael J.
		 C. Gordon",
  booktitle =	"International Symposium on Fundamentals of Software
		 Engineering",
  year = 	"2007",
  volume =	"4767",
  pages =	"272--286",
  series =	lncs,
  publisher =	sv
}

@InProceedings{MG07,
  author =	"Magnus O. Myreen and Michael J. C. Gordon",
  title =	"Hoare Logic for Realistically Modelled Machine Code",
  booktitle =	tacas,
  year = 	"2007",
  volume =	"4424",
  pages =	"568--582",
  series =	lncs,
  publisher =	sv
}


@InProceedings{MB08,
  author =	"Leonardo de Moura and Nikolaj Bj{\o}rner",
  title =	"{Z3}: An Efficient {SMT} Solver",
  year = 	"2008",
  pages =	"337--340",
  booktitle =	tacas
}


% ---- N ----
% ---- O ----

@Article{Oheimb99,
  author =	"von Oheimb",
  title =	"Hoare Logic for Mutual Recursion and Local Variables",
  journal =	"Foundations of Software Technology and
		 Theoretical Computer Science (FSTTCS)",
  volume =	"19",
  year = 	"1999",
}

% ---- P ----

@Book{Pier02,
  author =	"B. C. Pierce",
  ISBN = 	"0-262-16209-1",
  year = 	"2002",
  publisher =	"{MIT Press}",
  title =	"Types and Programming Languages",
}

@techreport{PeaTR13a,
  author =	 "D. J. Pearce and Lindsay Groves",
  title =	 "Practical Verification Condition Generation",
  type = "",
  institution = vuw,
  number ="{ECSTR}13-04",
  year =	 "2013"
}

@inproceedings{Pea13b,
  author =	 "D. J. Pearce",
  title =	 "A Calculus for Constraint-Based Flow Typing",
  booktitle = ftfjp,
  pages = "(to appear)",
  year =	 "2013"
}

@article{PN11,
  author =	 "D. Pearce and J. Noble",
  title =	 "Implementing a Language with Flow-Sensitive and
                  Structural Typing on the {JVM}",
  booktitle = "Proceedings of the Workshop on Bytecode Semantics, Verification, Analysis and Transformation (BYTECODE)",
  journal = entcs,
  volume = "279",
  number = "1",
  pages = "47--59",
  year =	 "2011"
}

@inproceedings{Pea12a,
  author =	 "D. J. Pearce",
  title =	 "Sound and Complete Flow Typing with Unions, Intersections and Negations",
  booktitle = vmcai,
  pages = "335--354",
  year =	 "2013"
}

% ---- Q ----
% ---- R ----


@inproceedings{RP08,
  title =	"A Hoare Logic for Call-by-Value Functional Programs",
  author =	"Yann Regis-Gianas and Fran{\c c}ois Pottier",
  booktitle = mpc,
  pages = "305--335",
  year = 	"2008"
}


% ---- S ----

@inproceedings{SG13,
  title = "True small-step reduction for imperative Object Oriented languages",
  author = "Marco Servetto and Lindsay Groves",
  booktitle = ftfjp,
  pages = "(to appear)",
  year = "2013"
}

@Article{SU06,
  title =	"A Compositional Natural Semantics and Hoare Logic for
		 Low-Level Languages",
  author =	"Ando Saabas and Tarmo Uustalu",
  journal =	entcs,
  year = 	"2006",
  number =	"1",
  volume =	"156",
  pages =	"151--168"}

@article{Shan09,
 author = {Natarajan Shankar},
 title = {Automated deduction for verification},
 journal = acs,
 volume = {41},
 number = {4},
 year = {2009},
 pages = {1--56},
 publisher = acmp
}

% ---- T ----

@InProceedings{TF10,
  title =	"Logical types for untyped languages",
  author =	"Sam Tobin-Hochstadt and Matthias Felleisen",
  booktitle =	icfp,
  year = 	"2010",
  pages =	"117--128"
}

@InProceedings{TF08,
  title =	"The design and implementation of Typed {Scheme}",
  author =	"Sam Tobin-Hochstadt and Matthias Felleisen",
  booktitle =	popl,
  year = 	"2008",
  pages =	"395--406"
}

@InProceedings{TA06,
  title =	"A Compositional Logic for Control Flow",
  author =	"Gang Tan and Andrew W. Appel",
  booktitle =	vmcai,
  year = 	"2006",
  volume =	"3855",
  pages =	"80--94",
  series =	lncs,
  publisher =	sv
}